%
% Example bibliography
%

@misc{free60,
  author = {Free60Project},
  title = {{The xbox 360 reset glitch hack}},
  howpublished = "\url{https://free60project.github.io/wiki/Reset_Glitch_Hack/}",
  note = "[Online; accessed 01-November-2021]"
}

@misc{ps3hyper,
  author = {N. Lawson},
  title = {{How the PS3 hypervisor was hacked}},
  howpublished = "\url{https://rdist.root.org/2010/01/27/how-the-ps3-hypervisor-was-hacked/}",
  year = "January 2010",
  note = "[Online; accessed 01-November-2021]"
}

@inproceedings{boneh1997importance,
  title={On the importance of checking cryptographic protocols for faults},
  author={Boneh, Dan and DeMillo, Richard A and Lipton, Richard J},
  booktitle={International conference on the theory and applications of cryptographic techniques},
  pages={37--51},
  year={1997},
  organization={Springer}
}

@inproceedings{gruss2018another,
  title={Another flip in the wall of rowhammer defenses},
  author={Gruss, Daniel and Lipp, Moritz and Schwarz, Michael and Genkin, Daniel and Juffinger, Jonas and O'Connell, Sioli and Schoechl, Wolfgang and Yarom, Yuval},
  booktitle={2018 IEEE Symposium on Security and Privacy (SP)},
  pages={245--261},
  year={2018},
  organization={IEEE}
}

@inproceedings{witteman2008secure,
  title={Secure application programming in the presence of side channel attacks},
  author={Witteman, Marc and Oostdijk, Martijn},
  booktitle={RSA conference},
  volume={2008},
  year={2008}
}

@ARTICLE{9206547,
  author={Hoffmann, Max and Schellenberg, Falk and Paar, Christof},
  journal={IEEE Transactions on Information Forensics and Security}, 
  title={ARMORY: Fully Automated and Exhaustive Fault Simulation on ARM-M Binaries}, 
  year={2021},
  volume={16},
  number={},
  pages={1058-1073},
  doi={10.1109/TIFS.2020.3027143}}

@incollection{standaert2010introduction,
  title={Introduction to side-channel attacks},
  author={Standaert, Fran{\c{c}}ois-Xavier},
  booktitle={Secure integrated circuits and systems},
  pages={27--42},
  year={2010},
  publisher={Springer}
}

@inproceedings{chang2019evaluating,
  title={Evaluating compiler ir-level selective instruction duplication with realistic hardware errors},
  author={Chang, Chun-Kai and Li, Guanpeng and Erez, Mattan},
  booktitle={2019 IEEE/ACM 9th Workshop on Fault Tolerance for HPC at eXtreme Scale (FTXS)},
  pages={41--49},
  year={2019},
  organization={IEEE}
}